@article{Shneiderman:2007wp,
author = {Shneiderman, Ben},
title = {{Creativity support tools: accelerating discovery and innovation}},
journal = {Communications of the ACM},
year = {2007},
volume = {50},
number = {12},
pages = {20--32},
}
@article{Pusey2011,
archivePrefix = {arXiv},
arxivId = {arXiv:1111.3328v1},
author = {Pusey, Matthew F and Barrett, Jonathan and Rudolph, Terry},
eprint = {arXiv:1111.3328v1},
pages = {1--7},
title = {{The quantum state cannot be interpreted statistically}},
year = {2011}
}